@article{burden2017,
  title={An{\'a}lisis num{\'e}rico},
  author={Burden, Richard L and others},
  volume={10},
  year={2017},
  publisher={Biblioteca Hern{\'a}n Malo Gonz{\'a}lez},
  address = "M\'exico D.F."
}
@book{chapra2011,
  title={M{\'e}todos num{\'e}ricos para ingenieros},
  author={Chapra, Steven C and Canale, Raymond P and others},
  volume={5},
  year={2011},
  publisher={McGraw-Hill},
  address = "New York, NY"
}